@misc{Borgers2015,
  author = {Philipp Borgers},
  title = {Community Networks. Freifunk},
  year = {2015},
  note = {Workshop at the 10th Hate Congress Berlin},
  url = {http://hate10.com/events/freifunken/}
}

@misc{Mabb2014,
  title = {Wlan für alle: Freie Funknetze in der Praxis},
  publisher = {Medienanstalt Berlin Brandenburg},
  year = {2014},
  url = {http://mabb.de/files/content/document/Publikationen/Freifunk-Broschuere/freifunk_publikation_webversion_2.Auflage.pdf.pdf},
  note = {[Consultado: 2015 07 06]}
}

@misc{FreifunkBerlin,
  title = {Freifunk Berlin Página Web},
  url = {http://berlin.freifunk.net},
  note = {[Consultado: 2015 07 06]}
}




